@article{arneborg2003,
title = "Turnover times for the water above sill level in Gullmar Fjord",
journal = "Continental Shelf Research",
volume = "24",
number = "4",
pages = "443 - 460",
year = "2004",
issn = "0278-4343",
doi = "https://doi.org/10.1016/j.csr.2003.12.005",
url = "http://www.sciencedirect.com/science/article/pii/S0278434303002620",
author = "Lars Arneborg"
}

@article{bjork2003,
title = "Upwelling along the Swedish west coast during the 20th century",
journal = "Continental Shelf Research",
volume = "23",
number = "11",
pages = "1143 - 1159",
year = "2003",
issn = "0278-4343",
doi = "https://doi.org/10.1016/S0278-4343(03)00081-5",
url = "http://www.sciencedirect.com/science/article/pii/S0278434303000815",
author = "Göran Björk and Kjell Nordberg",
keywords = "Upwelling, Gullmar fjord, Sweden, North Atlantic oscillation"
}

@article{johnson2012,
author = {Johnson, Gregory C. and Schmidtko, Sunke and Lyman, John M.},
title = {Relative contributions of temperature and salinity to seasonal mixed layer density changes and horizontal density gradients},
journal = {Journal of Geophysical Research: Oceans},
volume = {117},
number = {C4},
pages = {},
keywords = {Argo floats, Turner angle, global ocean, mixed layer, seasonal cycle, temperature and salinity},
doi = {10.1029/2011JC007651},
url = {https://agupubs.onlinelibrary.wiley.com/doi/abs/10.1029/2011JC007651},
eprint = {https://agupubs.onlinelibrary.wiley.com/doi/pdf/10.1029/2011JC007651},
year = {2012}
}

@article{gustafsson1996,
title = "Dynamics of the freshwater-influenced surface layers in the Skagerrak",
journal = "Journal of Sea Research",
volume = "35",
number = "1",
pages = "39 - 53",
year = "1996",
issn = "1385-1101",
doi = "https://doi.org/10.1016/S1385-1101(96)90733-9",
url = "http://www.sciencedirect.com/science/article/pii/S1385110196907339",
author = "Bo Gustafsson and Anders Stigebrandt"
}

@article{pauthenet2017,
author = {Pauthenet, Etienne and Roquet, Fabien and Madec, Gurvan and Nerini, David},
title = {A Linear Decomposition of the Southern Ocean Thermohaline Structure},
journal = {Journal of Physical Oceanography},
volume = {47},
number = {1},
pages = {29-47},
year = {2017},
doi = {10.1175/JPO-D-16-0083.1},

URL = { 
        https://doi.org/10.1175/JPO-D-16-0083.1
    
},
eprint = { 
        https://doi.org/10.1175/JPO-D-16-0083.1
    
}
}

